<?xml version="1.0" encoding="UTF-8"?><collection xmlns="http://www.loc.gov/MARC21/slim"><record><leader>00349nam--2200121-i-4500</leader><controlfield tag="001">000038582</controlfield><controlfield tag="002">20161230</controlfield><controlfield tag="005">20161230201041</controlfield><controlfield tag="008">060222s1000------------r-----000-0-eng-d</controlfield><datafield ind1=" " ind2=" " tag="080"><subfield code="a">621.039.516.4</subfield></datafield><datafield ind1=" " ind2=" " tag="245"><subfield code="a">Regional nuclear ffuel cycle centers:vol.1:summary 1977. report of the iaea study project</subfield></datafield><datafield ind1=" " ind2=" " tag="260"><subfield code="a">Vienna, Iaea, 1977. 127 P</subfield></datafield><datafield ind1=" " ind2=" " tag="852"><subfield code="a">43878</subfield></datafield></record></collection>